<?xml version="1.0" encoding="UTF-8"?><collection xmlns="http://www.loc.gov/MARC21/slim"><record><leader>00395nam--2200121-i-4500</leader><controlfield tag="001">000018348</controlfield><controlfield tag="002">20161230</controlfield><controlfield tag="005">20161230201032</controlfield><controlfield tag="008">060222s1000------------r-----000-0-eng-d</controlfield><datafield ind1=" " ind2=" " tag="100"><subfield code="a">Dodge, Harols F., Romig, Harry G</subfield></datafield><datafield ind1=" " ind2=" " tag="245"><subfield code="a">Sampling inspection tables.single and double sampling.second edition, revised and expanded</subfield></datafield><datafield ind1=" " ind2=" " tag="260"><subfield code="a">New York, John Wiley &amp; Sons, Inc., 1959. Xi + 224 P</subfield></datafield><datafield ind1=" " ind2=" " tag="852"><subfield code="a">14942</subfield></datafield></record></collection>